```cs
@book{behn2015,
  title = "Tiger i hagen",
  author = "Behn, Ari",
  publisher = "Kolon forlag",
  date = 2015
}
@book{loe2004,
  title = "Doppler",
  author = "Loe, Erlend",
  publisher = "Cappelen forlag",
  year = 2004
}
@book{loe1996,
  title = "Naiv. Super.",
  author = "Loe, Erlend",
  publisher = "Cappelen forlag",
  year = 1996
}
@book{skram1892,
  title = "Forr√•dt",
  author = "Skram, Amalie",
  publisher = "Schubothes forlag",
  year = 1892
}
@book{gunnlaug1200,
  title = "Gunnlaugs saga ormstungu",
  year = "1200-tallet"
}
@book{duun1929,
  title = "Medmenneske",
  author = "Duun, Olav",
  date = 1929
}
@book{hitler1925,
  title = "Mein Kampf",
  author = "Hitler, Adolf",
  publisher = "Franz Eher Nachfolger",
  date = 1925
}
@book{robertson2019,
  title = "How to Think Like a Roman Emperor",
  author = "Robertson, Donald John",
  publisher = "St. Martin's Press",
  date = 2019
}
```